@book{bergman2011fundamentals,
  title={Fundamentals of heat and mass transfer},
  author={Bergman, Theodore L and Incropera, Frank P and Lavine, Adrienne S},
  year={2011},
  publisher={John Wiley \& Sons}
}

@online{WikiRefrigeration,
  author = {Keenan Pepper},
  title = {File:Refrigeration.png},
  year = 2011,
  url = {https://en.wikipedia.org/wiki/File:Refrigeration.png},
  urldate = {2016-05-01}
}

@online{WikiRefrigerationPV,
  author = {Cmglee},
  title = {File:Refrigeration PV diagram.svg},
  year = 2015,
  url = {https://en.wikipedia.org/wiki/File:Refrigeration_PV_diagram.svg},
  urldate = {2016-05-01}
}

@online{HowHeatPumpWorks,
  author = {Bay Star Energy},
  title = {How a Heat Pump Works},
  year = 2013,
  url = {http://www.baystarenergy.co.uk/wp-content/uploads/2013/05/how-a-heat-pump-works.jpg},
  urldate = {2016-05-01}
}

@online{NRCSScan,
  author = {National Resources Conservation Service},
  title = {Soil Climate Analysis Network (SCAN) Data \& Products},
  year = 2016,
  url = {http://www.wcc.nrcs.usda.gov/scan/},
  urldate = {2016-05-01}
}

@online{ACCAManualJ,
  author = {The Indoor Environmental \& Energy Efficiency Association (ACCA)},
  title = {Speed-Sheet for ACCA Manual J},
  year = 2016,
  url = {https://www.acca.org/standards/speedsheets/},
  urldate = {2016-05-04}
}

@online{GCHP,
  author = {Mississippi Power},
  title = {Ground Coupled Heat Pumps (GCHP)},
  year = 2016,
  url = {http://www.mississippipower.com/my-home/programs-and-services/heat-pumps/geothermal-heat-pumps},
  urldate = {2016-05-04}
}

@software{ces,
  author = {Granta Design - Material Intelligence},
  title = {CES Material Selector},
  url = {https://www.grantadesign.com/products/ces/},
  version = {15.3.10.0},
  date = {2016-05-07}
}

@techreport{farouki1981thermal,
  title={Thermal properties of soils},
  author={Farouki, Omar T},
  year={1981},
  institution={DTIC Document}
}

@online{SoilTemps,
  author = {Geo4VA Virginia Tech},
  title = {Earth Temperature and Site Geology},
  year = 2016,
  url = {http://web.archive.org/web/20130530033808/http://www.geo4va.vt.edu/A1/A1.htm},
  urldate = {2016-05-09}
}

@online{github,
  author = {Patrick Geneva},
  title = {goldbattle/geothermal-honors},
  year = 2016,
  url = {https://github.com/goldbattle/geothermal-honors},
  urldate = {2016-05-13}
}

@book{oke2002boundary,
  title={Boundary layer climates},
  author={Oke, Timothy R},
  year={2002},
  publisher={Routledge}
}